<record><leader>00000cas a2200000 a 4500</leader><controlfield tag="001">52933512</controlfield><controlfield tag="006">m     o  d        </controlfield><controlfield tag="007">cr cnu||||||||</controlfield><controlfield tag="008">030828c19959999nyumr nso     0   a0eng c</controlfield><datafield ind1=" " ind2=" " tag="010"><subfield code="a">sn2003060423</subfield></datafield><datafield ind1=" " ind2=" " tag="040"><subfield code="a">NYS</subfield><subfield code="b">eng</subfield><subfield code="c">NYS</subfield><subfield code="d">OCLCQ</subfield><subfield code="d">OCLCF</subfield><subfield code="d">OCLCO</subfield></datafield><datafield ind1="1" ind2=" " tag="029"><subfield code="a">AU@</subfield><subfield code="b">000024905956</subfield></datafield><datafield ind1=" " ind2=" " tag="037"><subfield code="b">190 Main St., White Plains, N.Y.</subfield></datafield><datafield ind1=" " ind2=" " tag="042"><subfield code="a">pcc</subfield></datafield><datafield ind1=" " ind2=" " tag="043"><subfield code="a">n-us-ny</subfield></datafield><datafield ind1="0" ind2=" " tag="130"><subfield code="a">Suburban street (White Plains, N.Y. : Online)</subfield></datafield><datafield ind1="1" ind2="0" tag="245"><subfield code="a">Suburban street</subfield><subfield code="h">[electronic resource].</subfield></datafield><datafield ind1=" " ind2=" " tag="260"><subfield code="a">White Plains, N.Y. :</subfield><subfield code="b">Suburban Street News, Inc.</subfield></datafield><datafield ind1=" " ind2=" " tag="538"><subfield code="a">Mode of access: World Wide Web.</subfield></datafield><datafield ind1=" " ind2=" " tag="580"><subfield code="a">Continues monthly publication of the same name.</subfield></datafield><datafield ind1=" " ind2=" " tag="588"><subfield code="a">Description based on: Aug. 28, 2003; title from home page (viewed Aug. 28, 2003).</subfield></datafield><datafield ind1=" " ind2="0" tag="651"><subfield code="a">White Plains (N.Y.)</subfield><subfield code="v">Newspapers.</subfield></datafield><datafield ind1=" " ind2="0" tag="651"><subfield code="a">Westchester County (N.Y.)</subfield><subfield code="v">Newspapers.</subfield></datafield><datafield ind1=" " ind2="7" tag="655"><subfield code="a">Newspapers.</subfield><subfield code="2">fast</subfield><subfield code="0">(OCoLC)fst01423814</subfield></datafield><datafield ind1=" " ind2="7" tag="651"><subfield code="a">New York (State)</subfield><subfield code="z">Westchester County.</subfield><subfield code="2">fast</subfield><subfield code="0">(OCoLC)fst01202684</subfield></datafield><datafield ind1=" " ind2="7" tag="651"><subfield code="a">New York (State)</subfield><subfield code="z">White Plains.</subfield><subfield code="2">fast</subfield><subfield code="0">(OCoLC)fst01212009</subfield></datafield><datafield ind1=" " ind2=" " tag="752"><subfield code="a">United States</subfield><subfield code="b">New York</subfield><subfield code="c">Westchester</subfield><subfield code="d">White Plains.</subfield></datafield><datafield ind1="0" ind2="0" tag="780"><subfield code="t">Suburban street (White Plains, N.Y.)</subfield><subfield code="w">(DLC)sn2001062077</subfield><subfield code="w">(OCoLC)1153190</subfield></datafield><datafield ind1="4" ind2="0" tag="856"><subfield code="u">http://www.suburbanstreet.com/</subfield></datafield></record>